@article{correll_gender_2001,
	title = {Gender and the {Career} {Choice} {Process}: {The} {Role} of {Biased} {Self}‐{Assessments}},
	volume = {106},
	issn = {0002-9602},
	shorttitle = {Gender and the {Career} {Choice} {Process}},
	url = {https://www.journals.uchicago.edu/doi/abs/10.1086/321299},
	doi = {10.1086/321299},
	number = {6},
	urldate = {2019-10-20},
	journal = {American Journal of Sociology},
	author = {Correll, Shelley J.},
	month = may,
	year = {2001},
	pages = {1691--1730}}

@article{cech_professional_2011,
	title = {Professional {Role} {Confidence} and {Gendered} {Persistence} in {Engineering}},
	volume = {76},
	issn = {0003-1224},
	doi = {10.1177/0003122411420815},
	language = {English},
	number = {5},
	journal = {American Sociological Review},
	author = {Cech, Erin and Rubineau, Brian and Silbey, Susan and Seron, Caroll},
	month = oct,
	year = {2011},
	note = {WOS:000295334500001},
	pages = {641--666}}

@article{sadler_stability_2012,
	title = {Stability and {Volatility} of {STEM} {Career} {Interest} in {High} {School}: {A} {Gender} {Study}},
	volume = {96},
	issn = {0036-8326},
	shorttitle = {Stability and {Volatility} of {STEM} {Career} {Interest} in {High} {School}},
	doi = {10.1002/sce.21007},
	language = {English},
	number = {3},
	journal = {Science Education},
	author = {Sadler, Philip M. and Sonnert, Gerhard and Hazari, Zahra and Tai, Robert},
	month = may,
	year = {2012},
	note = {WOS:000302716400003},
	pages = {411--427}
}

@article{hargittai_differences_2006,
	title = {Differences in actual and perceived online skills: {The} role of gender},
	volume = {87},
	issn = {0038-4941},
	shorttitle = {Differences in actual and perceived online skills},
	doi = {10.1111/j.1540-6237.2006.00389.x},
	language = {English},
	number = {2},
	journal = {Social Science Quarterly},
	author = {Hargittai, E. and Shafer, S.},
	month = jun,
	year = {2006},
	note = {WOS:000237396900013},
	pages = {432--448}
}

@article{correll_constraints_2004,
	title = {Constraints into preferences: {Gender}, status, and emerging career aspirations},
	volume = {69},
	issn = {0003-1224},
	shorttitle = {Constraints into preferences},
	doi = {10.1177/000312240406900106},
	language = {English},
	number = {1},
	journal = {American Sociological Review},
	author = {Correll, S. J.},
	month = feb,
	year = {2004},
	note = {WOS:000227847100006},
	pages = {93--113}}

@article{cech_queer_2017,
	title = {Queer in {STEM} {Organizations}: {Workplace} {Disadvantages} for {LGBT} {Employees} in {STEM} {Related} {Federal} {Agencies}},
	volume = {6},
	copyright = {http://creativecommons.org/licenses/by/3.0/},
	shorttitle = {Queer in {STEM} {Organizations}},
	url = {https://www.mdpi.com/2076-0760/6/1/12},
	doi = {10.3390/socsci6010012},
	language = {en},
	number = {1},
	urldate = {2019-10-20},
	journal = {Social Sciences},
	author = {Cech, Erin A. and Pham, Michelle V.},
	month = mar,
	year = {2017},
	keywords = {Federal Agencies, LGBT inequality, STEM},
	pages = {12}}

@article{cech_lgbtq_2018,
	title = {{LGBTQ} {Inequality} in {Engineering} {Education}},
	volume = {107},
	copyright = {© 2018 ASEE},
	issn = {2168-9830},
	url = {https://onlinelibrary.wiley.com/doi/abs/10.1002/jee.20239},
	doi = {10.1002/jee.20239},
	language = {en},
	number = {4},
	urldate = {2019-10-20},
	journal = {Journal of Engineering Education},
	author = {Cech, Erin A. and Rothwell, William R.},
	year = {2018},
	pages = {583--610}}

@article{cech_lgbt_2019,
	title = {{LGBT} {Workplace} {Inequality} in the {Federal} {Workforce}: {Intersectional} {Processes}, {Organizational} {Contexts}, and {Turnover} {Considerations}},
	issn = {0019-7939},
	shorttitle = {{LGBT} {Workplace} {Inequality} in the {Federal} {Workforce}},
	url = {https://doi.org/10.1177/0019793919843508},
	doi = {10.1177/0019793919843508},
	language = {en},
	urldate = {2019-10-20},
	journal = {ILR Review},
	author = {Cech, Erin A. and Rothwell, William R.},
	month = apr,
	year = {2019}
}

@article{cech_self-expressive_2013,
	title = {The {Self}-{Expressive} {Edge} of {Occupational} {Sex} {Segregation}},
	volume = {119},
	issn = {0002-9602},
	url = {https://www.journals.uchicago.edu/doi/abs/10.1086/673969},
	doi = {10.1086/673969},
	number = {3},
	urldate = {2019-10-20},
	journal = {American Journal of Sociology},
	author = {Cech, Erin A.},
	month = nov,
	year = {2013},
	pages = {747--789}}

@article{gorman_gender_2005,
	title = {Gender {Stereotypes}, {Same}-{Gender} {Preferences}, and {Organizational} {Variation} in the {Hiring} of {Women}: {Evidence} from {Law} {Firms}},
	volume = {70},
	issn = {0003-1224},
	shorttitle = {Gender {Stereotypes}, {Same}-{Gender} {Preferences}, and {Organizational} {Variation} in the {Hiring} of {Women}},
	url = {https://doi.org/10.1177/000312240507000408},
	doi = {10.1177/000312240507000408},
	language = {en},
	number = {4},
	urldate = {2019-10-20},
	journal = {American Sociological Review},
	author = {Gorman, Elizabeth H.},
	month = aug,
	year = {2005},
	pages = {702--728}
}

@article{ohland_race_2011,
	title = {Race, {Gender}, and {Measures} of {Success} in {Engineering} {Education}},
	volume = {100},
	doi = {10.1002/j.2168-9830.2011.tb00012.x},
	journal = {Journal of Engineering Education},
	author = {Ohland, Matthew and Brawner, Catherine and Camacho, Michelle and Long, Russell and Lord, Susan and Wasburn, Mara},
	month = apr,
	year = {2011},
	pages = {225--252}
}

@article{blair_undergraduate_2017,
	title = {Undergraduate {STEM} {Instructors}' {Teacher} {Identities} and {Discourses} on {Student} {Gender} {Expression} and {Equity}},
	volume = {106},
	copyright = {© 2016 ASEE},
	issn = {2168-9830},
	url = {https://onlinelibrary.wiley.com/doi/abs/10.1002/jee.20157},
	doi = {10.1002/jee.20157},
	language = {en},
	number = {1},
	urldate = {2019-10-21},
	journal = {Journal of Engineering Education},
	author = {Blair, Elizabeth E. and Miller, Rebecca B. and Ong, Maria and Zastavker, Yevgeniya V.},
	year = {2017},
	keywords = {gender, STEM, discourse analysis, faculty, qualitative research},
	pages = {14--43}}

@article{seron_persistence_2016,
	title = {Persistence {Is} {Cultural}: {Professional} {Socialization} and the {Reproduction} of {Sex} {Segregation}},
	volume = {43},
	issn = {0730-8884},
	shorttitle = {Persistence {Is} {Cultural}},
	doi = {10.1177/0730888415618728},
	language = {English},
	number = {2},
	journal = {Work and Occupations},
	author = {Seron, Carroll and Silbey, Susan S. and Cech, Erin and Rubineau, Brian},
	month = may,
	year = {2016},
	note = {WOS:000374023300002},
	pages = {178--214}}
	
@article{cheryan_2009,
	title = {Ambient belonging: how stereotypical cues impact gender participation in computer science},
	volume = {97},
	issn = {1939-1315},
	shorttitle = {Ambient belonging},
	doi = {10.1037/a0016239},
	language = {eng},
	number = {6},
	journal = {Journal of Personality and Social Psychology},
	author = {Cheryan, Sapna and Plaut, Victoria C. and Davies, Paul G. and Steele, Claude M.},
	month = dec,
	year = {2009},
	pmid = {19968418},
	pages = {1045--1060}
}


@misc{rstudiopackages,
	title = {{Inspired} by {R} and its {Community}},
	author = {RStudio, Team},
	howpublished = "\url{https://rstudio.com/products/rpackages/}",
	urldate = {2019-11-22},
	year = {2019}}

@misc{cran,
  author = {Hornik, Kurt},
	title = {{ANNOUNCE}: {CRAN}},
	howpublished = "\url{https://stat.ethz.ch/pipermail/r-announce/1997/000001.html}",
	urldate = {2019-11-22},
	year = {1997}}

@article{wickham2014tidy,
  title={Tidy data},
  author={Wickham, Hadley},
  journal={Journal of Statistical Software},
  volume={59},
  number={10},
  pages={1--23},
  year={2014},
  publisher={Foundation for Open Access Statistics}
}

@misc{wickhamhadley,
	title = {Hadley {Wickham} — {Personal} {Website}},
	howpublished = "\url{http://hadley.nz/}",
	urldate = {2019-11-22},
	year = {2019},
	author = {Wickham, Hadley}}

@misc{rstudio,
	title = {{RStudio}, new open-source {IDE} for {R}},
	howpublished = "\url{https://blog.rstudio.com/2011/02/28/rstudio-new-open-source-ide-for-r/}",
	urldate = {2019-11-22},
	year = {2011},
	author = {RStudio, Team}}

@article{future_r_hadley,
        author = {Wickham, Hadley and Kopf, Dan},
	title = {Hadley {Wickham} on the {Future} of {R}, {Python}, and the {Tidyverse}},
	year = {2019},
	howpublished = "\url{https://qz.com/1661487/hadley-wickham-on-the-future-of-r-python-and-the-tidyverse/}",
	journal = {Quartz}}

@article{shaikhblog,
	title = {Why {Women} {Are} {Flourishing} {In} {R} {Community} {But} {Lagging} {In} {Python}},
	author = {Shaikh, Reshama},
	urldate = {2019-11-22},
	howpublished = "\url{https://reshamas.github.io/why-women-are-flourishing-in-r-community-but-lagging-in-python/}",
	year = {2018}}

@article{mair2015motivation,
  title={Motivation, values, and work design as drivers of participation in the R open source project for statistical computing},
  author={Mair, Patrick and Hofmann, Eva and Gruber, Kathrin and Hatzinger, Reinhold and Zeileis, Achim and Hornik, Kurt},
  journal={Proceedings of the National Academy of Sciences},
  volume={112},
  number={48},
  pages={14788--14792},
  year={2015},
  publisher={National Acad Sciences}
}

@misc{shaikhwomen2019,
	title = {Women in {Data} {Science}},
	howpublished = "\url{https://www.datacamp.com/community/blog/women-in-data-science}",
	urldate = {2019-11-22},
	author = {Shaikh, Reshama and Bowne-Anderson, Hugo},
	year = {2019}}

@misc{grieves,
	title = {R-{Ladies}: {For} {More} {Balance} in the {R} {Community}!},
	howpublished = "\url{https://methodsblog.com/2019/03/08/iwd-2019-r-ladies/}",
	urldate = {2019-11-22},
	author = {Grieves, Chris},
	year = {2019}}

@misc{rstudio_about,
	title = {About {Us}},
	howpublished = "\url{https://rstudio.com/about/}",
	urldate = {2019-11-22},
	author = {RStudio, Team},
	year = {2019}}

@misc{mertic_r,
	title = {R {Consortium} welcomes {R}-{Ladies} as a top level project},
	howpublished = "\url{https://www.r-consortium.org/announcement/2018/03/27/r-consortium-welcomes-r-ladies-as-a-top-level-project}",
	urldate = {2019-11-22},
	author = {Mertic, John},
	year = {2018}}
	
@book{wickham2015r,
  title={R packages: organize, test, document, and share your code},
  author={Wickham, Hadley},
  year={2015},
  publisher={" O'Reilly Media, Inc."}
}

@book{wickham2020tidyverse,
  title={Tidyverse design principles},
  author={Wickham et al., Hadley},
  howpublished = "\url{https://design.tidyverse.org/}",
  year={2019}
}

@misc{averick_tidyverse_2018,
	title = {Tidyverse developer day 2019},
	howpublished = "\url{https://www.tidyverse.org/blog/2018/11/tidyverse-developer-day-2019/}",
	abstract = {Join us for tidyverse developer day on January 19!},
	language = {en-us},
	urldate = {2019-12-04},
	author = {Averick, Mara},
	year = {2018}}
	
@misc{sex_seg,
	title = {Fact sheet: {Occupational} segregation in the {United} {States}},
	url = {https://equitablegrowth.org/fact-sheet-occupational-segregation-in-the-united-states/},
	language = {en-US},
	journal = {Equitable Growth},
	author = {{Washington} {Center} for {Equitable} {Growth}},
	month = oct,
	year = {2017}
}